@techreport{RFC8017,
  author = {K. Moriarty and B. Kaliski and J. Jonsson and A. Rusch},
  title = {PKCS \#1: RSA Cryptography Specifications Version 2.2},
  howpublished = {Internet Requests for Comments},
  type = {RFC},
  number = {8017},
  year = {2016},
  month = {November},
  issn = {2070-1721},
  publisher = {RFC Editor},
  institution = {RFC Editor},
}


@techreport{morselli2006keychains,
  title={Keychains: A decentralized public-key infrastructure},
  author={Morselli, Ruggero and Bhattacharjee, Bobby and Katz, Jonathan and Marsh, Michael},
  year={2006},
  institution={University of Maryland, College Park College Park United States}
}

@article{aberer2005decentralised,
  title={A decentralised public key infrastructure for customer-to-customer e-commerce},
  author={Aberer, Karl and Datta, Anwitaman and Hauswirth, Manfred},
  journal={International Journal of Business Process Integration and Management},
  volume={1},
  number={1},
  pages={26--33},
  year={2005},
  publisher={Inderscience Publishers}
}

@inproceedings{abdul1997pgp,
  title={The pgp trust model},
  author={Abdul-Rahman, Alfarez},
  booktitle={EDI-Forum: the Journal of Electronic Commerce},
  volume={10},
  number={3},
  pages={27--31},
  year={1997}
}

@inproceedings{haenni2007new,
  title={A new approach to PGP’s web of trust},
  author={Haenni, Rolf and Jonczy, Jacek},
  booktitle={EEMA’07, European e-Identity Conference},
  year={2007}
}

@article{despotovic2006p2p,
  title={P2P reputation management: Probabilistic estimation vs. social networks},
  author={Despotovic, Zoran and Aberer, Karl},
  journal={Computer Networks},
  volume={50},
  number={4},
  pages={485--500},
  year={2006},
  publisher={Elsevier}
}

@inproceedings{gupta2003reputation,
  title={A reputation system for peer-to-peer networks},
  author={Gupta, Minaxi and Judge, Paul and Ammar, Mostafa},
  booktitle={Proceedings of the 13th international workshop on Network and operating systems support for digital audio and video},
  pages={144--152},
  year={2003},
  organization={ACM}
}

@article{zhou2007powertrust,
  title={Powertrust: A robust and scalable reputation system for trusted peer-to-peer computing},
  author={Zhou, Runfang and Hwang, Kai},
  journal={IEEE Transactions on parallel and distributed systems},
  volume={18},
  number={4},
  year={2007},
  publisher={IEEE}
}
